<record xmlns='http://www.loc.gov/MARC21/slim'><leader>01332cim a22003252u 4500</leader><controlfield tag='001'>3601378</controlfield><controlfield tag='005'>20151214182838.0</controlfield><controlfield tag='007'>ss|lmnjluz|nuu</controlfield><controlfield tag='008'>991101s1984    nyunnn         l    eng d</controlfield><datafield ind1=' ' ind2=' ' tag='035'><subfield code='a'>(NIC)notisASF8443</subfield></datafield><datafield ind1=' ' ind2=' ' tag='035'><subfield code='a'>3601378</subfield></datafield><datafield ind1=' ' ind2=' ' tag='035'><subfield code='a'>(OCoLC)63897496</subfield></datafield><datafield ind1=' ' ind2=' ' tag='040'><subfield code='a'>NIC</subfield><subfield code='c'>NIC</subfield><subfield code='d'>NIC</subfield></datafield><datafield ind1='1' ind2=' ' tag='100'><subfield code='a'>Dubelman, Richard.</subfield></datafield><datafield ind1='1' ind2='0' tag='245'><subfield code='a'>Producing, directing, writing movies</subfield><subfield code='h'>[sound recording]</subfield></datafield><datafield ind1=' ' ind2=' ' tag='260'><subfield code='c'>1984.</subfield></datafield><datafield ind1=' ' ind2=' ' tag='300'><subfield code='a'>1 sound cassette (65 min.) :</subfield><subfield code='b'>analog, mono.</subfield></datafield><datafield ind1=' ' ind2=' ' tag='500'><subfield code='a'>Recorded in Ithaca, NY by Cornell University.</subfield></datafield><datafield ind1=' ' ind2=' ' tag='500'><subfield code='a'>Sponsored by: Sigma Phi Fraternity,Ithaca Filmmakers at Cornell (IFMAC),Willard Straight Hall Programming Board.</subfield></datafield><datafield ind1=' ' ind2=' ' tag='518'><subfield code='a'>Lecture, March 7, 1984.</subfield></datafield><datafield ind1=' ' ind2=' ' tag='520'><subfield code='a'>Dubelman gives a professional&apos;s perspective on writing, producing, and directing for the motion picture and television industry.</subfield></datafield><datafield ind1=' ' ind2='0' tag='650'><subfield code='a'>Motion pictures</subfield><subfield code='x'>Production and direction.</subfield></datafield><datafield ind1=' ' ind2='0' tag='650'><subfield code='a'>Motion picture industry</subfield><subfield code='z'>United States.</subfield></datafield><datafield ind1=' ' ind2='7' tag='650'><subfield code='a'>Motion picture industry</subfield><subfield code='2'>fast</subfield><subfield code='0'>(OCoLC)fst01027150</subfield></datafield><datafield ind1=' ' ind2='7' tag='650'><subfield code='a'>Motion pictures</subfield><subfield code='x'>Production and direction</subfield><subfield code='2'>fast</subfield><subfield code='0'>(OCoLC)fst01027357</subfield></datafield><datafield ind1=' ' ind2='7' tag='651'><subfield code='a'>United States</subfield><subfield code='2'>fast</subfield><subfield code='0'>(OCoLC)fst01204155</subfield></datafield><datafield ind1=' ' ind2='0' tag='830'><subfield code='a'>James Norris Oliphant distinguished speakers.</subfield></datafield><datafield ind1='1' ind2=' ' tag='899'><subfield code='a'>CULectures</subfield></datafield><datafield ind1=' ' ind2=' ' tag='905'><subfield code='a'>20000330120000.0</subfield></datafield><datafield ind1='2' ind2=' ' tag='948'><subfield code='a'>20141221</subfield><subfield code='b'>m</subfield><subfield code='d'>batch</subfield><subfield code='e'>lts</subfield><subfield code='x'>addfast</subfield></datafield></record>